<?xml version="1.0" encoding="UTF-8"?><collection xmlns="http://www.loc.gov/MARC21/slim"><record><leader>00380nam--2200133-i-4500</leader><controlfield tag="001">000001396</controlfield><controlfield tag="002">20161230</controlfield><controlfield tag="005">20161230201024</controlfield><controlfield tag="008">060222s1000------------r-----000-0-eng-d</controlfield><datafield ind1=" " ind2=" " tag="100"><subfield code="a">Domsa, Serban</subfield></datafield><datafield ind1=" " ind2=" " tag="245"><subfield code="a">Miron, zeno</subfield></datafield><datafield ind1=" " ind2=" " tag="260"><subfield code="a">Indrumator Pentru Utilizarea Fontelor, Otelurilor Si Aliajelor Neferoase</subfield></datafield><datafield ind1=" " ind2=" " tag="490"><subfield code="a">Bucuresti, Editura Tehnica, 1985. 288 P</subfield></datafield><datafield ind1=" " ind2=" " tag="852"><subfield code="a">669.01(039)</subfield></datafield></record></collection>